%@book{smith2020,
%	author = {Smith, John and Doe, Jane},
%	title = {Judul Buku},
%	year = {2020},
%	publisher = {Penerbit XYZ},
%	address = {Jakarta},
%	doi = {10.1000/xyz123}
%}
%
%@article{jones2019,
%	author = {Jones, Alice},
%	title = {Judul Artikel},
%	journal = {Nama Jurnal},
%	volume = {10},
%	number = {2},
%	year = {2019},
%	pages = {100--110},
%	doi = {10.1000/abc456}
%}

@article{abdillahfudholi2024,
	title = {{{SENTIMEN ANALISIS PERILAKU PENGGEMAR COLDPLAY DI MEDIA SOSIAL TWITTER MENGGUNAKAN METODE NAIVE BAYES}}},
	author = {Abdillah Fudholi, Luthfi and Rahaningsih, Nining and Danar Dana, Raditya},
	date = {2024-06-20},
	journaltitle = {JATI (Jurnal Mahasiswa Teknik Informatika)},
	shortjournal = {jati},
	volume = {8},
	number = {3},
	pages = {4150--4159},
	issn = {2598-828X},
	doi = {10.36040/jati.v8i3.9827},
	url = {https://ejournal.itn.ac.id/index.php/jati/article/view/9827},
	urldate = {2025-04-16},
	abstract = {Penelitian ini bertujuan untuk memahami sentimen dan perilaku penggemar Coldplay di Twitter. Data tweet dikumpulkan, diolah, dan diklasifikasikan menggunakan metode Na\"ive Bayes. Hasil penelitian ini diharapkan memberikan manfaat bagi Coldplay, peneliti, dan industri musik dalam memahami perilaku penggemar dan meningkatkan strategi pemasaran. Dalam penelitian ini, digunakan metode Naive Bayes untuk menganalisis perilaku pendukung Coldplay di Twitter. Data awal dikumpulkan dengan mengumpulkan tweet yang mengandung kata kunci yang relevan selama periode waktu tertentu. Kemudian, dilakukan teknik pemrosesan lanjutan seperti eliminasi stopword, normalisasi kata, dan stemming. Tweet-tweet tersebut diklasifikasikan menjadi dua kategori berdasarkan sentimennya: positif dan negatif. Dengan kemampuan untuk mengelola data dalam jumlah besar, metode Naive Bayes melakukan klasifikasi sentimen dengan memprediksi kategori melalui perhitungan probabilitas berdasarkan teorema Bayes dan asumsi independensi fitur. Kumpulan data yang telah dianotasi secara manual digunakan untuk melatih model dan menentukan parameter yang diperlukan dalam perhitungan probabilitas. Hasil analisis menunjukkan distribusi sentimen penggemar Coldplay di Twitter, yang mencerminkan popularitas dan penerimaan terhadap konten yang terkait dengan band. Penelitian ini menganalisis sentimen dan perilaku penggemar Coldplay di Twitter menggunakan metode Naive Bayes. Hasilnya menunjukkan akurasi model sebesar 80.25\% dalam mengidentifikasi 29 perilaku positif dan 36 perilaku negatif, namun terdapat bias terhadap prediksi negatif.},
	file = {/home/rikie/Zotero/storage/BJ7NEFT6/Abdillah Fudholi et al. - 2024 - SENTIMEN ANALISIS PERILAKU PENGGEMAR COLDPLAY DI MEDIA SOSIAL TWITTER MENGGUNAKAN METODE NAIVE BAYES.pdf}
}

@article{adha2021,
	title = {Rebound Effect with Energy Efficiency Determinants: A Two-Stage Analysis of Residential Electricity Consumption in {{Indonesia}}},
	shorttitle = {Rebound Effect with Energy Efficiency Determinants},
	author = {Adha, Rishan and Hong, Cheng-Yih and Firmansyah, M. and Paranata, Ade},
	date = {2021-10},
	journaltitle = {Sustainable Production and Consumption},
	shortjournal = {Sustainable Production and Consumption},
	volume = {28},
	pages = {556--565},
	issn = {23525509},
	doi = {10.1016/j.spc.2021.06.019},
	url = {https://linkinghub.elsevier.com/retrieve/pii/S2352550921001846},
	urldate = {2025-03-23},
	langid = {english},
	file = {/home/rikie/Zotero/storage/ZTXSMR48/Adha et al. - 2021 - Rebound effect with energy efficiency determinants a two-stage analysis of residential electricity.pdf}
}

@article{affum2021,
	title = {Smart {{Home Energy Management System}} Based on the {{Internet}} of {{Things}} ({{IoT}})},
	author = {Affum, Emmanuel Ampoma and Agyeman-Prempeh, Kwame and Adumatta, Christian and Ntiamoah-Sarpong, Kwadwo and Dzisi, James},
	date = {2021},
	journaltitle = {International Journal of Advanced Computer Science and Applications},
	shortjournal = {IJACSA},
	volume = {12},
	number = {2},
	issn = {21565570, 2158107X},
	doi = {10.14569/IJACSA.2021.0120290},
	url = {http://thesai.org/Publications/ViewPaper?Volume=12&Issue=2&Code=IJACSA&SerialNo=90},
	urldate = {2025-03-23},
	langid = {english},
	file = {/home/rikie/Zotero/storage/I47B556B/Affum et al. - 2021 - Smart Home Energy Management System based on the Internet of Things (IoT).pdf}
}

@inproceedings{alden2020,
	title = {{{LSTM Forecasts}} for {{Smart Home Electricity Usage}}},
	booktitle = {2020 9th {{International Conference}} on {{Renewable Energy Research}} and {{Application}} ({{ICRERA}})},
	author = {Alden, Rosemary E. and Gong, Huangjie and Ababei, Cristinel and Ionel, Dan M.},
	date = {2020-09-27},
	pages = {434--438},
	publisher = {IEEE},
	location = {Glasgow, United Kingdom},
	doi = {10.1109/ICRERA49962.2020.9242804},
	url = {https://ieeexplore.ieee.org/document/9242804/},
	urldate = {2025-03-23},
	eventtitle = {2020 9th {{International Conference}} on {{Renewable Energy Research}} and {{Application}} ({{ICRERA}})},
	isbn = {978-1-7281-7369-6}
}

@article{basconcillo2023,
	title = {{{GMM Approach}} to {{Residential Electricity Consumption}} in {{Indonesia}}},
	author = {Basconcillo, Julie Ann and Rimkute, Aurelija},
	date = {2023-08-31},
	journaltitle = {Energy RESEARCH LETTERS},
	volume = {4},
	number = {3},
	issn = {2652-6433, 2652-6514},
	doi = {10.46557/001c.33899},
	url = {https://erl.scholasticahq.com/article/33899-gmm-approach-to-residential-electricity-consumption-in-indonesia},
	urldate = {2025-03-23},
	abstract = {This study reinvestigates the effects of socioeconomic factors on residential electricity consumption in 33 provinces of Indonesia during 2014--2020. We estimate two dynamic panel models of electricity demand at two levels, namely, the household and aggregate residential sectors. The gross regional domestic product per capita, unlike tariffs, significantly impacts consumption. The population size and electrification ratio also positively impact aggregate demand, suggesting the effectiveness of policy related to electricity access.},
	langid = {english},
	file = {/home/rikie/Zotero/storage/4FV78D85/Basconcillo and Rimkute - 2023 - GMM Approach to Residential Electricity Consumption in Indonesia.pdf}
}

@online{chung2014,
	title = {Empirical {{Evaluation}} of {{Gated Recurrent Neural Networks}} on {{Sequence Modeling}}},
	author = {Chung, Junyoung and Gulcehre, Caglar and Cho, KyungHyun and Bengio, Yoshua},
	date = {2014},
	doi = {10.48550/ARXIV.1412.3555},
	url = {https://arxiv.org/abs/1412.3555},
	urldate = {2025-04-07},
	abstract = {In this paper we compare different types of recurrent units in recurrent neural networks (RNNs). Especially, we focus on more sophisticated units that implement a gating mechanism, such as a long short-term memory (LSTM) unit and a recently proposed gated recurrent unit (GRU). We evaluate these recurrent units on the tasks of polyphonic music modeling and speech signal modeling. Our experiments revealed that these advanced recurrent units are indeed better than more traditional recurrent units such as tanh units. Also, we found GRU to be comparable to LSTM.},
	pubstate = {prepublished},
	version = {1},
	keywords = {FOS: Computer and information sciences,Machine Learning (cs.LG),Neural and Evolutionary Computing (cs.NE)}
}

@article{condon2022,
	title = {Design and {{Implementation}} of a {{Cloud-IoT-Based Home Energy Management System}}},
	author = {Condon, Felipe and Mart\'inez, Jos\'e M. and Eltamaly, Ali M. and Kim, Young-Chon and Ahmed, Mohamed A.},
	date = {2022-12-24},
	journaltitle = {Sensors},
	shortjournal = {Sensors},
	volume = {23},
	number = {1},
	pages = {176},
	issn = {1424-8220},
	doi = {10.3390/s23010176},
	url = {https://www.mdpi.com/1424-8220/23/1/176},
	urldate = {2025-03-23},
	abstract = {The advances in the Internet of Things (IoT) and cloud computing opened new opportunities for developing various smart grid applications and services. The rapidly increasing adoption of IoT devices has enabled the development of applications and solutions to manage energy consumption efficiently. This work presents the design and implementation of a home energy management system (HEMS), which allows collecting and storing energy consumption data from appliances and the main load of the home. Two scenarios are designed and implemented: a local HEMS isolated from the Internet and relies on its processing and storage duties using an edge device and a Cloud HEMS using AWS IoT Core to manage incoming data messages and provide data-driven services and applications. A testbed was carried out in a real house in the city of Valparaiso, Chile, over a one-year period, where four appliances were used to collect energy consumption using smart plugs, as well as collecting the main energy load of the house through a data logger acting as a smart meter. To the best of our knowledge, this is the first electrical energy dataset with a 10-second sampling rate from a real household in Valparaiso, Chile. Results show that both implementations perform the baseline tasks (collecting, storing, and controlling) for a HEMS. This work contributes by providing a detailed technical implementation of HEMS that enables researchers and engineers to develop and implement HEMS solutions to support different smart home applications.},
	langid = {english},
	file = {/home/rikie/Zotero/storage/NM6C4DHG/Condon et al. - 2022 - Design and Implementation of a Cloud-IoT-Based Home Energy Management System.pdf}
}

@article{fard2022,
	title = {Machine {{Learning}} Algorithms for Prediction of Energy Consumption and {{IoT}} Modeling in Complex Networks},
	author = {Fard, Rehane Hafezi and Hosseini, Soodeh},
	date = {2022-03},
	journaltitle = {Microprocessors and Microsystems},
	shortjournal = {Microprocessors and Microsystems},
	volume = {89},
	pages = {104423},
	issn = {01419331},
	doi = {10.1016/j.micpro.2021.104423},
	url = {https://linkinghub.elsevier.com/retrieve/pii/S0141933121005640},
	urldate = {2025-03-23},
	langid = {english}
}
